@article{Betcke2013,
    author = "T. Betcke and N. J. Higham and V. Mehrmann and C. Schr{\"o}der and F. Tisseur",
    title = "{NLEVP}: a collection of nonlinear eigenvalue problem",
    year = "2013",
    journal = "ACM Trans. Math. Softw.",
    volume = "39",
    number = "2",
    numpages = "28"
}

@article{Bini2005,
    author = "D. A. Bini and L. Gemignani and F. Tisseur",
    title = "The {E}hrlich-{A}berth method for the nonsymmetric tridiagonal eigenvalue problem",
    year = "2005",
    journal = "SIAM J. Matrix Anal. Appl.",
    volume = "27",
    number = "1",
    pages = "153--175"
}

@article{Cameron2018,
    author = "T. R. Cameron",
    title = "An effective implementation of a modified Laguerre method for the roots of a polynomial",
    year = "2018",
    journal = "Numer. Algor.",
    pages = "1--20"
}

@article{Gary1965,
    author = "J. Gary",
    title = "Hyman's method applied to the general eigenvalue problem",
    year = "1965",
    journal = "Math. Comp.",
    volume = "19",
    pages = "314--316"
}

@book{Higham2002,
    author = "N. J. Higham",
    title = "Accuracy and {S}tability of {N}umerical {A}lgorithms",
    year = "2002",
    publisher = "SIAM",
    address = "Philadelphia, PA"
}

@article{Nakatsukasa2018,
    author = "Y. Nakatsukasa and L. Taslaman and F. Tisseur and I. Zaballa",
    title = "Reduction of matrix polynomials to simpler forms",
    year = "2018",
    journal = "SIAM J. Matrix Anal. Appl.",
    volume = "39",
    number = "1",
    pages = "148--177"
}

@article{Parlett1964,
    author = "B. Parlett",
    title = "Laguerre's method applied to the matrix eigenvalue problem",
    year = "1964",
    journal = "Math. Comp.",
    volume = "18",
    pages = "464--485"
}

@article{Plestenjak2006,
    author = "B. Plestenjak",
    title = "Numerical methods for the tridiagonal hyperbolic quadratic eigenvalue problem",
    year = "2006",
    journal = "SIAM J. Matrix Anal. Appl.",
    volume = "28",
    pages = "1157--1172"
}

@book{Wilkinson1963,
    author = "J. H. Wilkinson",
    title = "Rounding {E}rrors in {A}lgebraic {P}rocesses",
    year = "1963",
    publisher = "Prentice-Hall",
    address = "Englewood Cliffs, NJ",
}